<record><leader>00000cas a2200000 a 4500</leader><controlfield tag="001">11056796</controlfield><controlfield tag="008">840815d18641890iluwr ne      |    0eng c</controlfield><datafield ind1=" " ind2=" " tag="010"><subfield code="a">sn 84024461 </subfield></datafield><datafield ind1=" " ind2=" " tag="040"><subfield code="a">NPV</subfield><subfield code="b">eng</subfield><subfield code="c">NPV</subfield><subfield code="d">NPX</subfield><subfield code="d">NPV</subfield><subfield code="d">NVF</subfield><subfield code="d">CVF</subfield><subfield code="d">NVF</subfield><subfield code="d">CUI</subfield><subfield code="d">CGU</subfield><subfield code="d">OCLCQ</subfield><subfield code="d">OCLCF</subfield><subfield code="d">NVF</subfield><subfield code="d">OCLCQ</subfield><subfield code="d">OCL</subfield></datafield><datafield ind1=" " ind2=" " tag="019"><subfield code="a">22540756</subfield></datafield><datafield ind1=" " ind2=" " tag="042"><subfield code="a">pcc</subfield></datafield><datafield ind1=" " ind2=" " tag="043"><subfield code="a">n-us-il</subfield></datafield><datafield ind1=" " ind2="4" tag="050"><subfield code="a">AN</subfield></datafield><datafield ind1="0" ind2=" " tag="130"><subfield code="a">Chicago journal of commerce (Chicago, Ill. : 1864)</subfield></datafield><datafield ind1="1" ind2="0" tag="245"><subfield code="a">Chicago journal of commerce.</subfield></datafield><datafield ind1="1" ind2="7" tag="246"><subfield code="a">Chicago journal of commerce and price current</subfield></datafield><datafield ind1=" " ind2=" " tag="260"><subfield code="a">Chicago, Ill. :</subfield><subfield code="b">Pierce, Starr &amp; Co.</subfield></datafield><datafield ind1=" " ind2=" " tag="300"><subfield code="a">volumes :</subfield><subfield code="b">illustrations ;</subfield><subfield code="c">26 cm</subfield></datafield><datafield ind1=" " ind2=" " tag="310"><subfield code="a">Weekly</subfield></datafield><datafield ind1=" " ind2=" " tag="336"><subfield code="a">text</subfield><subfield code="b">txt</subfield><subfield code="2">rdacontent</subfield></datafield><datafield ind1=" " ind2=" " tag="337"><subfield code="a">unmediated</subfield><subfield code="b">n</subfield><subfield code="2">rdamedia</subfield></datafield><datafield ind1=" " ind2=" " tag="338"><subfield code="a">volume</subfield><subfield code="b">nc</subfield><subfield code="2">rdacarrier</subfield></datafield><datafield ind1="1" ind2=" " tag="362"><subfield code="a">Began in 1864?</subfield></datafield><datafield ind1="0" ind2=" " tag="362"><subfield code="a">-v. 20, no. 26 (Aug. 30, 1882); v. 41, no. 1 (Sept. 6, 1882)-v. 57, no. 17 (Oct. 22, 1890).</subfield></datafield><datafield ind1=" " ind2=" " tag="515"><subfield code="a">Beginning with vol. 20 the volumes are semiannual instead of annual as previously; vols. 1-20 are considered as 40 vols., no volumes being numbered 21-40.</subfield></datafield><datafield ind1=" " ind2=" " tag="515"><subfield code="a">Suspended with Oct. 5, 1871 issue; resumed with Nov. 16, 1871 issue.</subfield></datafield><datafield ind1=" " ind2=" " tag="588"><subfield code="a">Description based on: Vol. 2, no. 19 (June 23, 1864).</subfield></datafield><datafield ind1=" " ind2=" " tag="588"><subfield code="a">Latest issue consulted: Vol. 57, no. 17 (Oct. 22, 1890).</subfield></datafield><datafield ind1=" " ind2="0" tag="651"><subfield code="a">Chicago (Ill.)</subfield><subfield code="x">Commerce</subfield><subfield code="v">Newspapers.</subfield></datafield><datafield ind1=" " ind2="0" tag="650"><subfield code="a">Pricing</subfield><subfield code="z">Illinois</subfield><subfield code="z">Chicago</subfield><subfield code="v">Newspapers.</subfield></datafield><datafield ind1=" " ind2="0" tag="651"><subfield code="a">Chicago (Ill.)</subfield><subfield code="v">Newspapers.</subfield></datafield><datafield ind1=" " ind2="7" tag="655"><subfield code="a">Newspapers.</subfield><subfield code="2">fast</subfield><subfield code="0">(OCoLC)fst01423814</subfield></datafield><datafield ind1=" " ind2="7" tag="650"><subfield code="a">Commerce.</subfield><subfield code="2">fast</subfield><subfield code="0">(OCoLC)fst00869279</subfield></datafield><datafield ind1=" " ind2="7" tag="650"><subfield code="a">Pricing.</subfield><subfield code="2">fast</subfield><subfield code="0">(OCoLC)fst01076230</subfield></datafield><datafield ind1=" " ind2="7" tag="651"><subfield code="a">Illinois</subfield><subfield code="z">Chicago.</subfield><subfield code="2">fast</subfield><subfield code="0">(OCoLC)fst01204048</subfield></datafield><datafield ind1=" " ind2=" " tag="752"><subfield code="a">United States</subfield><subfield code="b">Illinois</subfield><subfield code="c">Cook</subfield><subfield code="d">Chicago.</subfield></datafield><datafield ind1="0" ind2="8" tag="776"><subfield code="i">Online version:</subfield><subfield code="t">Chicago Journal of Commerce</subfield><subfield code="w">(OCoLC)192107218</subfield></datafield><datafield ind1="0" ind2="0" tag="785"><subfield code="t">Chicago journal of commerce and metal industries</subfield><subfield code="w">(OCoLC)31086832</subfield></datafield></record>